@Manual{sudan,
  title = {Sudan country profile},
  organization = {bbc},
  year = {2019},
  month = {September},
  url = {https://www.bbc.com/news/world-africa-14094995},
  note = {Accessed 1-05-2021}
}

@Manual{denmark,
  title = {Denmark Floats a Possible Model for Climate Policy},
  author = {Colleen de Bellefonds},
  organization = {US News},
  year = {2020},
  month = {January},
  url = {https://www.usnews.com/news/best-countries/articles/2020-01-07/denmarks-aggressive-new-climate-law-blazes-path-for-developed-countries},
  note = {Accessed 1-05-2021}
}

@article{oilcompany,
author = { Luke   Anthony   Patey   PhD student },
title = {State rules: Oil companies and armed conflict in Sudan},
journal = {Third World Quarterly},
volume = {28},
number = {5},
pages = {997-1016},
year  = {2007},
publisher = {Routledge},
doi = {10.1080/01436590701371728},

URL = { 
        https://doi.org/10.1080/01436590701371728
    
},
eprint = { 
        https://doi.org/10.1080/01436590701371728
    
}
}

@Manual{hrw,
  title = {Human rights watch world report 2001:Sudan},
  organization = {Human Rights Watch},
  year = {2001},
  url = {https://www.hrw.org/legacy/wr2k1/africa/sudan.html},
  note = {Accessed 1-05-2021}
}

@Manual{reuters,
  author = {Nikolaj Skydsgaard},
  title = {Denmark: We can slash CO2 and still have welfare},
  organization = {Reuters},
  year  = {2020},
  publisher = {Reuters},
  URL = {https://www.reuters.com/article/us-climate-change-denmark-idUSKBN26K27E},
  note = {Accessed 1-05-2021}
}

@Manual{japan,
  title = {Nuclear Power in Japan},
  organization = {world nuclear organization},
  year = {2021},
  month = {February},
  url = {https://www.world-nuclear.org/focus/fukushima-daiichi-accident/japan-nuclear-power.aspx},
  note = {Accessed 1-05-2021}
}

@Manual{italy,
  title = {Italy Energy Information},
  organization = {ener data},
  year = {2021},
  month = {April},
  url = {https://www.enerdata.net/estore/energy-market/italy/},
  note = {Accessed 2-05-2021}
}

@Manual{kyoto,
  title = {What is the Kyoto Protocol},
  organization = {unfcc},
  url = {https://unfccc.int/kyoto_protocol},
  note = {Accessed 2-05-2021}
}

@Manual{canada1,
  title = {Energy and Greenhouse Gas Emissions (GHGs)in Canada},
  organization = {Natural Resources Canada},
  url = {https://www.nrcan.gc.ca/science-data/data-analysis/energy-data-analysis/energy-facts/energy-and-greenhouse-gas-emissions-ghgs/20063},
  note = {Accessed 2-07-2021}
}

@Manual{canada2,
  title = {Top weather events from 1900-1920},
  organization = {Environment and Climate Change Canada},
  url = {https://www.ec.gc.ca/meteo-weather/default.asp?lang=En&n=6a4a3ac5-1},
  note = {Accessed 2-07-2021}
}

@Manual{canada3,
  title = {Greenhouse gas emissions trends 2012},
  organization = {Government of Canada},
  url = {https://www.canada.ca/en/environment-climate-change/services/climate-change/greenhouse-gas-emissions/projections/trends-2012.html},
  note = {Accessed 2-07-2021}
}

@Manual{ireland1,
  title = {Climate Action Plan 2019},
  organization = {Government of Ireland},
  url = {https://assets.gov.ie/10206/d042e174c1654c6ca14f39242fb07d22.pdf},
  note = {Accessed 2-07-2021}
}

@Manual{canada4,
  title = {What's in Canada's climate plan},
  organization = {Government of Canada},
  url = {https://www.canada.ca/en/services/environment/weather/climatechange/climate-plan/climate-plan-overview.html},
  note = {Accessed 2-07-2021}
}

@Manual{ireland2,
  title = {National Policy Position},
  organization = {Government of Ireland},
  url = {https://www.gov.ie/en/policy-information/56654e-national-climate-policy/},
  note = {Accessed 2-07-2021}
}